@Book{xie2015,
  title = {Dynamic Documents with {R} and knitr},
  author = {Yihui Xie},
  publisher = {Chapman and Hall/CRC},
  address = {Boca Raton, Florida},
  year = {2015},
  edition = {2nd},
  note = {ISBN 978-1498716963},
  url = {http://yihui.name/knitr/},
}
@Book{wickham1,
  title = {Advanced R},
  author = {Hadley Wickham},
  publisher = {O'Reilly},
  address = {?},
  year = {?},
  edition = {1st},
  note = {ISBN ?},
  url = {https://adv-r.hadley.nz/},
}
@Book{wickham2,
  title = {R for Data Science},
  author = {Hadley Wickham},
  publisher = {O'Reilly},
  address = {?},
  year = {?},
  edition = {2nd},
  note = {ISBN ?},
  url = {http://r4ds.had.co.nz/},
}
@Book{wickham3,
  title = {R Packages},
  author = {Hadley Wickham},
  publisher = {O'Reilly},
  address = {?},
  year = {?},
  edition = {1st},
  note = {ISBN ?},
  url = {?},
}

%% Rodgers NLSY article
%% REDCap original article
